[{"monthKey" : "2025-10", "monthName" : "Oct", "year" : 2025, "month" : 10, "quarter" : "Q4 2025", "orders" : 69, "customers" : 69, "revenue" : 71650181.91, "netRevenue" : 69111157.81, "aov" : 402529.11, "momGrowth" : -96.13, "yoyGrowth" : -96.13, "ytdRevenue" : 16422759759.68, "movingAvg3M" : 1257726683.38, "status" : "Declining"}, {"monthKey" : "2025-09", "monthName" : "Sep", "year" : 2025, "month" : 9, "quarter" : "Q3 2025", "orders" : 1785, "customers" : 1753, "revenue" : 1851912803.53, "netRevenue" : 1781164722.83, "aov" : 410714.75, "momGrowth" : 0.12, "yoyGrowth" : 0.08, "ytdRevenue" : 16351109577.77, "movingAvg3M" : 1855845586.79, "status" : "Growing"}, {"monthKey" : "2025-08", "monthName" : "Aug", "year" : 2025, "month" : 8, "quarter" : "Q3 2025", "orders" : 1837, "customers" : 1807, "revenue" : 1849617064.69, "netRevenue" : 1777249784.67, "aov" : 404553.16, "momGrowth" : -0.88, "yoyGrowth" : 6.81, "ytdRevenue" : 14499196774.24, "movingAvg3M" : 1861157962.41, "status" : "Stable"}, {"monthKey" : "2025-07", "monthName" : "Jul", "year" : 2025, "month" : 7, "quarter" : "Q3 2025", "orders" : 1816, "customers" : 1782, "revenue" : 1866006892.15, "netRevenue" : 1793715634.45, "aov" : 408763.83, "momGrowth" : -0.10, "yoyGrowth" : 3.54, "ytdRevenue" : 12649579709.55, "movingAvg3M" : 1861426514.53, "status" : "Stable"}, {"monthKey" : "2025-06", "monthName" : "Jun", "year" : 2025, "month" : 6, "quarter" : "Q2 2025", "orders" : 1808, "customers" : 1772, "revenue" : 1867849930.39, "netRevenue" : 1796727291.92, "aov" : 412875.76, "momGrowth" : 0.94, "yoyGrowth" : 5.64, "ytdRevenue" : 10783572817.40, "movingAvg3M" : 1839318399.88, "status" : "Growing"}, {"monthKey" : "2025-05", "monthName" : "May", "year" : 2025, "month" : 5, "quarter" : "Q2 2025", "orders" : 1784, "customers" : 1751, "revenue" : 1850422721.05, "netRevenue" : 1779581398.83, "aov" : 411296.45, "momGrowth" : 2.82, "yoyGrowth" : 4.39, "ytdRevenue" : 8915722887.01, "movingAvg3M" : 1822162210.81, "status" : "Growing"}, {"monthKey" : "2025-04", "monthName" : "Apr", "year" : 2025, "month" : 4, "quarter" : "Q2 2025", "orders" : 1793, "customers" : 1759, "revenue" : 1799682548.19, "netRevenue" : 1730105272.27, "aov" : 402613.55, "momGrowth" : -0.92, "yoyGrowth" : 6.95, "ytdRevenue" : 7065300165.96, "movingAvg3M" : 1744113448.23, "status" : "Stable"}, {"monthKey" : "2025-03", "monthName" : "Mar", "year" : 2025, "month" : 3, "quarter" : "Q1 2025", "orders" : 1802, "customers" : 1770, "revenue" : 1816381363.19, "netRevenue" : 1746627196.89, "aov" : 400172.14, "momGrowth" : 12.38, "yoyGrowth" : -3.77, "ytdRevenue" : 5265617617.77, "movingAvg3M" : 1755205872.59, "status" : "Strong Growth"}, {"monthKey" : "2025-02", "monthName" : "Feb", "year" : 2025, "month" : 2, "quarter" : "Q1 2025", "orders" : 1594, "customers" : 1571, "revenue" : 1616276433.32, "netRevenue" : 1552462353.62, "aov" : 406917.53, "momGrowth" : -11.82, "yoyGrowth" : -3.22, "ytdRevenue" : 3449236254.58, "movingAvg3M" : 1748711830.55, "status" : "Declining"}, {"monthKey" : "2025-01", "monthName" : "Jan", "year" : 2025, "month" : 1, "quarter" : "Q1 2025", "orders" : 1863, "customers" : 1824, "revenue" : 1832959821.26, "netRevenue" : 1760089115.14, "aov" : 396658.69, "momGrowth" : 2.01, "yoyGrowth" : -0.44, "ytdRevenue" : 1832959821.26, "movingAvg3M" : 1824383272.83, "status" : "Growing"}, {"monthKey" : "2024-12", "monthName" : "Dec", "year" : 2024, "month" : 12, "quarter" : "Q4 2024", "orders" : 1757, "customers" : 1730, "revenue" : 1796899237.06, "netRevenue" : 1727499458.39, "aov" : 405712.18, "momGrowth" : -2.52, "yoyGrowth" : null, "ytdRevenue" : 21498280694.49, "movingAvg3M" : 1830570201.03, "status" : "Stable"}, {"monthKey" : "2024-11", "monthName" : "Nov", "year" : 2024, "month" : 11, "quarter" : "Q4 2024", "orders" : 1823, "customers" : 1782, "revenue" : 1843290760.18, "netRevenue" : 1771750667.68, "aov" : 402114.04, "momGrowth" : -0.44, "yoyGrowth" : null, "ytdRevenue" : 19701381457.43, "movingAvg3M" : 1848394106.70, "status" : "Stable"}, {"monthKey" : "2024-10", "monthName" : "Oct", "year" : 2024, "month" : 10, "quarter" : "Q4 2024", "orders" : 1834, "customers" : 1805, "revenue" : 1851520605.84, "netRevenue" : 1781183883.57, "aov" : 408904.73, "momGrowth" : 0.06, "yoyGrowth" : null, "ytdRevenue" : 17858090697.25, "movingAvg3M" : 1811190638.89, "status" : "Growing"}, {"monthKey" : "2024-09", "monthName" : "Sep", "year" : 2024, "month" : 9, "quarter" : "Q3 2024", "orders" : 1802, "customers" : 1762, "revenue" : 1850370954.09, "netRevenue" : 1778729770.12, "aov" : 404275.93, "momGrowth" : 6.85, "yoyGrowth" : null, "ytdRevenue" : 16006570091.41, "movingAvg3M" : 1794755233.11, "status" : "Growing"}, {"monthKey" : "2024-08", "monthName" : "Aug", "year" : 2024, "month" : 8, "quarter" : "Q3 2024", "orders" : 1772, "customers" : 1744, "revenue" : 1731680356.74, "netRevenue" : 1662997730.09, "aov" : 397630.39, "momGrowth" : -3.91, "yoyGrowth" : null, "ytdRevenue" : 14156199137.32, "movingAvg3M" : 1767317835.34, "status" : "Stable"}, {"monthKey" : "2024-07", "monthName" : "Jul", "year" : 2024, "month" : 7, "quarter" : "Q3 2024", "orders" : 1847, "customers" : 1814, "revenue" : 1802214388.49, "netRevenue" : 1730983054.49, "aov" : 394703.11, "momGrowth" : 1.93, "yoyGrowth" : null, "ytdRevenue" : 12424518780.58, "movingAvg3M" : 1780972810.06, "status" : "Growing"}, {"monthKey" : "2024-06", "monthName" : "Jun", "year" : 2024, "month" : 6, "quarter" : "Q2 2024", "orders" : 1723, "customers" : 1693, "revenue" : 1768058760.78, "netRevenue" : 1700018409.63, "aov" : 407856.69, "momGrowth" : -0.26, "yoyGrowth" : null, "ytdRevenue" : 10622304392.09, "movingAvg3M" : 1741169680.77, "status" : "Stable"}, {"monthKey" : "2024-05", "monthName" : "May", "year" : 2024, "month" : 5, "quarter" : "Q2 2024", "orders" : 1782, "customers" : 1756, "revenue" : 1772645280.90, "netRevenue" : 1704498271.05, "aov" : 399965.09, "momGrowth" : 5.34, "yoyGrowth" : null, "ytdRevenue" : 8854245631.31, "movingAvg3M" : 1781002748.69, "status" : "Growing"}, {"monthKey" : "2024-04", "monthName" : "Apr", "year" : 2024, "month" : 4, "quarter" : "Q2 2024", "orders" : 1725, "customers" : 1696, "revenue" : 1682805000.62, "netRevenue" : 1617272616.05, "aov" : 391714.39, "momGrowth" : -10.85, "yoyGrowth" : null, "ytdRevenue" : 7081600350.41, "movingAvg3M" : 1746826580.32, "status" : "Declining"}, {"monthKey" : "2024-03", "monthName" : "Mar", "year" : 2024, "month" : 3, "quarter" : "Q1 2024", "orders" : 1898, "customers" : 1866, "revenue" : 1887557964.56, "netRevenue" : 1811501643.11, "aov" : 407856.09, "momGrowth" : 13.02, "yoyGrowth" : null, "ytdRevenue" : 5398795349.79, "movingAvg3M" : 1799598449.93, "status" : "Strong Growth"}, {"monthKey" : "2024-02", "monthName" : "Feb", "year" : 2024, "month" : 2, "quarter" : "Q1 2024", "orders" : 1679, "customers" : 1657, "revenue" : 1670116775.78, "netRevenue" : 1604812598.71, "aov" : 403409.85, "momGrowth" : -9.29, "yoyGrowth" : null, "ytdRevenue" : 3511237385.23, "movingAvg3M" : 1755618692.62, "status" : "Stable"}, {"monthKey" : "2024-01", "monthName" : "Jan", "year" : 2024, "month" : 1, "quarter" : "Q1 2024", "orders" : 1862, "customers" : 1832, "revenue" : 1841120609.45, "netRevenue" : 1769121213.25, "aov" : 396622.28, "momGrowth" : null, "yoyGrowth" : null, "ytdRevenue" : 1841120609.45, "movingAvg3M" : 1841120609.45, "status" : "Declining"}]
