[{"year" : 2025, "quarter" : 4, "quarterLabel" : "Q4 2025", "orders" : 69, "customers" : 69, "revenue" : 23459350.90, "aov" : 339990.59, "qoqGrowth" : -98.73, "yoyGrowth" : -98.71}, {"year" : 2025, "quarter" : 3, "quarterLabel" : "Q3 2025", "orders" : 5438, "customers" : 5172, "revenue" : 1849276441.55, "aov" : 340065.55, "qoqGrowth" : 0.90, "yoyGrowth" : 2.45}, {"year" : 2025, "quarter" : 2, "quarterLabel" : "Q2 2025", "orders" : 5385, "customers" : 5084, "revenue" : 1832764975.27, "aov" : 340346.33, "qoqGrowth" : 4.07, "yoyGrowth" : 5.29}, {"year" : 2025, "quarter" : 1, "quarterLabel" : "Q1 2025", "orders" : 5259, "customers" : 4990, "revenue" : 1761130265.92, "aov" : 334879.31, "qoqGrowth" : -3.19, "yoyGrowth" : -2.86}, {"year" : 2024, "quarter" : 4, "quarterLabel" : "Q4 2024", "orders" : 5414, "customers" : 5139, "revenue" : 1819177276.65, "aov" : 336013.53, "qoqGrowth" : 0.78, "yoyGrowth" : null}, {"year" : 2024, "quarter" : 3, "quarterLabel" : "Q3 2024", "orders" : 5421, "customers" : 5120, "revenue" : 1805129967.45, "aov" : 332988.37, "qoqGrowth" : 3.70, "yoyGrowth" : null}, {"year" : 2024, "quarter" : 2, "quarterLabel" : "Q2 2024", "orders" : 5230, "customers" : 4970, "revenue" : 1740655726.28, "aov" : 332821.36, "qoqGrowth" : -3.99, "yoyGrowth" : null}, {"year" : 2024, "quarter" : 1, "quarterLabel" : "Q1 2024", "orders" : 5439, "customers" : 5170, "revenue" : 1813024705.33, "aov" : 333337.88, "qoqGrowth" : null, "yoyGrowth" : null}]
